<record><leader>00000cas a2200000 a 4500</leader><controlfield tag="001">2254669</controlfield><controlfield tag="008">760620d1903192umnuwr ne      0   a0eng  </controlfield><controlfield tag="009">501</controlfield><datafield ind1=" " ind2=" " tag="010"><subfield code="a">sn 89064695 </subfield></datafield><datafield ind1=" " ind2=" " tag="040"><subfield code="a">MUL</subfield><subfield code="b">eng</subfield><subfield code="c">MUL</subfield><subfield code="d">MN#</subfield><subfield code="d">OCL</subfield><subfield code="d">OCLCQ</subfield><subfield code="d">DLC</subfield><subfield code="d">OCLCF</subfield></datafield><datafield ind1=" " ind2=" " tag="012"><subfield code="l">a</subfield></datafield><datafield ind1=" " ind2=" " tag="019"><subfield code="a">1769816</subfield></datafield><datafield ind1="0" ind2=" " tag="022"><subfield code="a">2163-7318</subfield><subfield code="2">1</subfield></datafield><datafield ind1=" " ind2=" " tag="042"><subfield code="a">pcc</subfield><subfield code="a">nsdp</subfield></datafield><datafield ind1=" " ind2=" " tag="043"><subfield code="a">n-us-mn</subfield></datafield><datafield ind1="0" ind2="0" tag="050"><subfield code="a">Newspaper</subfield></datafield><datafield ind1=" " ind2=" " tag="052"><subfield code="a">4144</subfield><subfield code="b">W53</subfield></datafield><datafield ind1=" " ind2=" " tag="052"><subfield code="a">4143</subfield><subfield code="b">B2</subfield></datafield><datafield ind1="1" ind2="0" tag="082"><subfield code="a">070</subfield><subfield code="2">14</subfield></datafield><datafield ind1="0" ind2=" " tag="130"><subfield code="a">Tomahawk (White Earth, Minn.)</subfield></datafield><datafield ind1=" " ind2="4" tag="222"><subfield code="a">The Tomahawk</subfield><subfield code="b">(White Earth, Minn.)</subfield></datafield><datafield ind1="1" ind2="4" tag="245"><subfield code="a">The Tomahawk.</subfield></datafield><datafield ind1=" " ind2=" " tag="260"><subfield code="a">White Earth, Becker County, Minn. :</subfield><subfield code="b">Gus H. Beaulieu,</subfield><subfield code="c">1903-</subfield></datafield><datafield ind1=" " ind2=" " tag="300"><subfield code="a">v.</subfield></datafield><datafield ind1=" " ind2=" " tag="310"><subfield code="a">Weekly</subfield></datafield><datafield ind1="0" ind2=" " tag="362"><subfield code="a">Vol. 1, no. 1 (Apr. 9, 1903)-</subfield></datafield><datafield ind1=" " ind2=" " tag="500"><subfield code="a">"Official organ of the Minnesota Chippewas."</subfield></datafield><datafield ind1=" " ind2=" " tag="530"><subfield code="a">Available on microfilm from the Minnesota Historical Society.</subfield></datafield><datafield ind1=" " ind2=" " tag="530"><subfield code="a">Archived issues are available in digital format as part of the Library of Congress Chronicling America online collection.</subfield></datafield><datafield ind1=" " ind2="0" tag="650"><subfield code="a">Ojibwa Indians</subfield><subfield code="v">Newspapers.</subfield></datafield><datafield ind1=" " ind2="0" tag="650"><subfield code="a">Indians of North America</subfield><subfield code="z">Minnesota</subfield><subfield code="v">Newspapers.</subfield></datafield><datafield ind1=" " ind2="0" tag="651"><subfield code="a">White Earth (Minn.)</subfield><subfield code="v">Newspapers.</subfield></datafield><datafield ind1=" " ind2="7" tag="655"><subfield code="a">Newspapers.</subfield><subfield code="2">fast</subfield><subfield code="0">(OCoLC)fst01423814</subfield></datafield><datafield ind1=" " ind2="7" tag="650"><subfield code="a">Indians of North America.</subfield><subfield code="2">fast</subfield><subfield code="0">(OCoLC)fst00969633</subfield></datafield><datafield ind1=" " ind2="7" tag="650"><subfield code="a">Ojibwa Indians.</subfield><subfield code="2">fast</subfield><subfield code="0">(OCoLC)fst01045067</subfield></datafield><datafield ind1=" " ind2="7" tag="651"><subfield code="a">Minnesota.</subfield><subfield code="2">fast</subfield><subfield code="0">(OCoLC)fst01204560</subfield></datafield><datafield ind1=" " ind2="7" tag="651"><subfield code="a">Minnesota</subfield><subfield code="z">White Earth.</subfield><subfield code="2">fast</subfield><subfield code="0">(OCoLC)fst01254514</subfield></datafield><datafield ind1=" " ind2=" " tag="752"><subfield code="a">United States</subfield><subfield code="b">Minnesota</subfield><subfield code="c">Becker</subfield><subfield code="d">White Earth.</subfield></datafield><datafield ind1="0" ind2="0" tag="785"><subfield code="t">Callaway tomahawk</subfield><subfield code="w">(DLC)sn 89064696</subfield><subfield code="w">(OCoLC)20674621</subfield></datafield><datafield ind1="4" ind2="1" tag="856"><subfield code="u">http://www.loc.gov/chroniclingamerica/lccn/sn89064695/issues</subfield></datafield></record>